@inproceedings{Moura,
  author    = {Leonardo de Moura and Nikolaj Bj{\o}rner},
  title     = {{Z3: An Efficient {SMT} Solver}},
  booktitle = {TACAS},
  series    = {LNCS},
  year      = {2008}, 
  pages     = {337-340}
}
